@misc{tikzZoom,
  title = {TikZ: Zooming},
  note = {\url{https://tikz.net/zoom/}},
  year = {2024},
  howpublished = {\url{https://tikz.net/zoom/}},
  note = {Accessed: August 22, 2024}
}

@misc{ryanBlog,
  author = {{Ryan's Blog}},
  title = {Image Processing: Projective Transformation},
  year = {2024},
  howpublished = {\url{https://ryansblog2718281.medium.com/image-processing-projective-transformation-c6795af1c11}},
  note = {Accessed: August 22, 2024}
}

@misc{gistTigercosmos,
  author = {Tigercosmos},
  title = {Python Implementation of Homography},
  year = {2024},
  howpublished = {\url{https://gist.github.com/tigercosmos/90a5664a3b698dc9a4c72bc0fcbd21f4}},
  note = {Accessed: August 22, 2024}
}
